<?xml version="1.0" encoding="UTF-8"?><collection xmlns="http://www.loc.gov/MARC21/slim"><record><leader>00630nam--2200217-u-4500</leader><controlfield tag="001">000050729</controlfield><controlfield tag="002">20161230</controlfield><controlfield tag="005">20161230201048</controlfield><controlfield tag="008">080326s1000------------r-----000-0-eng-d</controlfield><datafield ind1=" " ind2=" " tag="020"><subfield code="a">0-521-33742-9</subfield></datafield><datafield ind1=" " ind2=" " tag="040"><subfield code="a">IFIN-HH</subfield></datafield><datafield ind1=" " ind2=" " tag="080"><subfield code="a">51.91</subfield></datafield><datafield ind1="1" ind2=" " tag="100"><subfield code="a">Porter,David and Stirling,David S.G</subfield></datafield><datafield ind1="1" ind2="0" tag="245"><subfield code="a">Integral Equations. A Practical Treatement from Spectra Theory to Applications</subfield></datafield><datafield ind1=" " ind2=" " tag="260"><subfield code="a">Cambridge</subfield><subfield code="b">Cambridge Univ.Press</subfield><subfield code="c">1990</subfield></datafield><datafield ind1=" " ind2=" " tag="300"><subfield code="a">372 p</subfield></datafield><datafield ind1=" " ind2=" " tag="490"><subfield code="a">Cambridge Text in Applied Mathematics</subfield></datafield><datafield ind1=" " ind2=" " tag="504"><subfield code="a">Includes Index</subfield></datafield><datafield ind1=" " ind2="4" tag="650"><subfield code="a">Integral Equations</subfield></datafield><datafield ind1=" " ind2=" " tag="852"><subfield code="c">517.2/3</subfield></datafield><datafield ind1=" " ind2=" " tag="CAT"><subfield code="a">Sys</subfield><subfield code="c">20090326</subfield><subfield code="h">142157</subfield></datafield></record></collection>